%% This BibTeX bibliography file was created using BibDesk.
%% http://bibdesk.sourceforge.net/


%% Created for Z at 2015-05-12 15:16:24 -0400 


%% Saved with string encoding Unicode (UTF-8) 



@article{wang2012calypso,
	Author = {Wang, Yanchao and Lv, Jian and Zhu, Li and Ma, Yanming},
	Date-Added = {2015-05-12 19:15:53 +0000},
	Date-Modified = {2015-05-12 19:15:53 +0000},
	Journal = {Computer Physics Communications},
	Number = {10},
	Pages = {2063--2070},
	Publisher = {Elsevier},
	Title = {CALYPSO: A method for crystal structure prediction},
	Volume = {183},
	Year = {2012}}

@article{hanwell2012avogadro,
	Author = {Hanwell, Marcus D and Curtis, Donald Ephraim and Lonie, David C and Vandermeersch, Tim and Zurek, Eva and Hutchison, Geoffrey R},
	Date-Added = {2015-05-12 19:15:22 +0000},
	Date-Modified = {2015-05-12 19:15:22 +0000},
	Journal = {J. Cheminformatics},
	Number = {1},
	Pages = {17},
	Title = {Avogadro: An advanced semantic chemical editor, visualization, and analysis platform.},
	Volume = {4},
	Year = {2012}}

@article{olboyle2011open,
	Author = {OLBoyle, Noel M and Banck, Michael and James, Craig A and Morley, Chris and Vandermeersch, Tim and Hutchison, Geoffrey R},
	Date-Added = {2015-05-12 19:14:59 +0000},
	Date-Modified = {2015-05-12 19:14:59 +0000},
	Journal = {J Cheminf},
	Pages = {33},
	Title = {Open Babel: An open chemical toolbox},
	Volume = {3},
	Year = {2011}}
